@Book{Gra1844,
  author =    {Hermann Grassmann},
  title =     {Die Lineale Ausdehnungslehre ein neuer Zweig der Mathematik: Dargestellt und durch Anwendungen} ,
  publisher = {O. Wigand},
  year =      {1844},
  key =       {math},
}
@Book{Gra1862,
  author =    {Hermann Grassmann},
  title =     {Die Ausdehnungslehre},
  publisher = {Publisher: Berlin : T.C.F. Enslin},
  year =      {1862},
}
@Book{Pea1891,
  author =    {Giuseppe Peano},
  title =     {Die Grundz√ºge des geometrischen Calculs},
  publisher = {B. G. Teubner},
  year =      {1891},
}
@Book{Pea1999,
  author =    {Giuseppe Peano},
  title =     {Geometric calculus : according to the Ausdehnungslehre of H. Grassmann},
  publisher = {Birkhauser, Boston},
  year =      {1999},
}
@Book{Boo1854,
  title={An Investigation of the Laws of Thought: On which are Founded the Mathematical Theories of Logic and Probabilities},
  author={Boole, G.},
  lccn={10004707},
  url={http://books.google.com/books?id=ZBkPAAAAIAAJ},
  year={1854},
  publisher={Walton and Maberly}
}
